@inproceedings{stoenescu2016symnet,
  title={SymNet: scalable symbolic execution for modern networks},
  author={Stoenescu, Radu and Popovici, Matei and Negreanu, Lorina and Raiciu, Costin},
  booktitle={Proceedings of the 2016 conference on ACM SIGCOMM 2016 Conference},
  pages={314--327},
  year={2016},
  organization={ACM}
}

@inproceedings{stoenescu2013symnet,
  title={Symnet: Static checking for stateful networks},
  author={Stoenescu, Radu and Popovici, Matei and Negreanu, Lorina and Raiciu, Costin},
  booktitle={Proceedings of the 2013 workshop on Hot topics in middleboxes and network function virtualization},
  pages={31--36},
  year={2013},
  organization={ACM}
}

@inproceedings{stoenescu2015net,
  title={In-Net: in-network processing for the masses},
  author={Stoenescu, Radu and Olteanu, Vladimir and Popovici, Matei and Ahmed, Mohamed and Martins, Joao and Bifulco, Roberto and Manco, Filipe and Huici, Felipe and Smaragdakis, Georgios and Handley, Mark and others},
  booktitle={Proceedings of the Tenth European Conference on Computer Systems},
  pages={23},
  year={2015},
  organization={ACM}
}

@inproceedings{alimi2008shadow,
  title={Shadow configuration as a network management primitive},
  author={Alimi, Richard and Wang, Ye and Yang, Y Richard},
  booktitle={ACM SIGCOMM Computer Communication Review},
  volume={38},
  number={4},
  pages={111--122},
  year={2008},
  organization={ACM}
}

@inproceedings{cadar2008klee,
  title={KLEE: Unassisted and Automatic Generation of High-Coverage Tests for Complex Systems Programs.},
  author={Cadar, Cristian and Dunbar, Daniel and Engler, Dawson R and others},
  booktitle={OSDI},
  volume={8},
  pages={209--224},
  year={2008}
}

@misc{github-repo,
  title={The iptables to SEFL translator.},
  howpublished={\url{https://github.com/calincru/iptables-sefl}},
  note={Accessed: 2017-05-13}
}

@article{leijen2002parsec,
  title={Parsec: Direct style monadic parser combinators for the real world},
  author={Leijen, Daan and Meijer, Erik},
  year={2002}
}
