% this is the bibliography file

@inproceedings{stoenescu2016symnet,
  title={SymNet: scalable symbolic execution for modern networks},
  author={Stoenescu, Radu and Popovici, Matei and Negreanu, Lorina and Raiciu, Costin},
  booktitle={Proceedings of the 2016 conference on ACM SIGCOMM 2016 Conference},
  pages={314--327},
  year={2016},
  organization={ACM}
}

@inproceedings{stoenescu2013symnet,
  title={Symnet: Static checking for stateful networks},
  author={Stoenescu, Radu and Popovici, Matei and Negreanu, Lorina and Raiciu, Costin},
  booktitle={Proceedings of the 2013 workshop on Hot topics in middleboxes and network function virtualization},
  pages={31--36},
  year={2013},
  organization={ACM}
}

@inproceedings{stoenescu2015net,
  title={In-Net: in-network processing for the masses},
  author={Stoenescu, Radu and Olteanu, Vladimir and Popovici, Matei and Ahmed, Mohamed and Martins, Joao and Bifulco, Roberto and Manco, Filipe and Huici, Felipe and Smaragdakis, Georgios and Handley, Mark and others},
  booktitle={Proceedings of the Tenth European Conference on Computer Systems},
  pages={23},
  year={2015},
  organization={ACM}
}

@inproceedings{alimi2008shadow,
  title={Shadow configuration as a network management primitive},
  author={Alimi, Richard and Wang, Ye and Yang, Y Richard},
  booktitle={ACM SIGCOMM Computer Communication Review},
  volume={38},
  number={4},
  pages={111--122},
  year={2008},
  organization={ACM}
}

@inproceedings{cadar2008klee,
  title={KLEE: Unassisted and Automatic Generation of High-Coverage Tests for Complex Systems Programs.},
  author={Cadar, Cristian and Dunbar, Daniel and Engler, Dawson R and others},
  booktitle={OSDI},
  volume={8},
  pages={209--224},
  year={2008}
}

@inproceedings{martins2014clickos,
  title={ClickOS and the art of network function virtualization},
  author={Martins, Joao and Ahmed, Mohamed and Raiciu, Costin and Olteanu, Vladimir and Honda, Michio and Bifulco, Roberto and Huici, Felipe},
  booktitle={Proceedings of the 11th USENIX Conference on Networked Systems Design and Implementation},
  pages={459--473},
  year={2014},
  organization={USENIX Association}
}

@misc{github-repo,
  title={The iptables to SEFL translator.},
  howpublished={\url{https://github.com/calincru/iptables-sefl}},
  note={Accessed: 2017-05-13}
}

@article{leijen2002parsec,
  title={Parsec: Direct style monadic parser combinators for the real world},
  author={Leijen, Daan and Meijer, Erik},
  year={2002}
}

@article{sherry2012making,
  title={Making middleboxes someone else's problem: network processing as a cloud service},
  author={Sherry, Justine and Hasan, Shaddi and Scott, Colin and Krishnamurthy, Arvind and Ratnasamy, Sylvia and Sekar, Vyas},
  journal={ACM SIGCOMM Computer Communication Review},
  volume={42},
  number={4},
  pages={13--24},
  year={2012},
  publisher={ACM}
}

@book{denton2014learning,
  title={Learning OpenStack Networking (Neutron)},
  author={Denton, James},
  year={2014},
  publisher={Packt Publishing Ltd}
}

@inproceedings{fogel2015general,
  title={A General Approach to Network Configuration Analysis.},
  author={Fogel, Ari and Fung, Stanley and Pedrosa, Luis and Walraed-Sullivan, Meg and Govindan, Ramesh and Mahajan, Ratul and Millstein, Todd D},
  booktitle={NSDI},
  pages={469--483},
  year={2015}
}

@inproceedings{weitz2016bagpipe,
  title={Bagpipe: Verified BGP configuration checking},
  author={Weitz, Konstantin and Woos, Doug and Torlak, Emina and Ernst, Michael D and Krishnamurthy, Arvind and Tatlock, Zachary},
  booktitle={Proc. OOPSLA},
  year={2016}
}

@book{clarke1999model,
  title={Model checking},
  author={Clarke, Edmund M and Grumberg, Orna and Peled, Doron},
  year={1999},
  publisher={MIT press}
}

@book{mcmillan2003model,
  title={Model checking},
  author={McMillan, Kenneth L},
  year={2003},
  publisher={John Wiley and Sons Ltd.}
}

@inproceedings{mai2011debugging,
  title={Debugging the data plane with anteater},
  author={Mai, Haohui and Khurshid, Ahmed and Agarwal, Rachit and Caesar, Matthew and Godfrey, P and King, Samuel Talmadge},
  booktitle={ACM SIGCOMM Computer Communication Review},
  volume={41},
  number={4},
  pages={290--301},
  year={2011},
  organization={ACM}
}

@inproceedings{marinescu2013katch,
  title={KATCH: high-coverage testing of software patches},
  author={Marinescu, Paul Dan and Cadar, Cristian},
  booktitle={Proceedings of the 2013 9th Joint Meeting on Foundations of Software Engineering},
  pages={235--245},
  year={2013},
  organization={ACM}
}

@inproceedings{staats2010parallel,
  title={Parallel symbolic execution for structural test generation},
  author={Staats, Matt and Pǎsǎreanu, Corina},
  booktitle={Proceedings of the 19th international symposium on Software testing and analysis},
  pages={183--194},
  year={2010},
  organization={ACM}
}

@article{kuznetsov2012efficient,
  title={Efficient state merging in symbolic execution},
  author={Kuznetsov, Volodymyr and Kinder, Johannes and Bucur, Stefan and Candea, George},
  journal={Acm Sigplan Notices},
  volume={47},
  number={6},
  pages={193--204},
  year={2012},
  publisher={ACM}
}
